@article{povey1997distributed,
  title={A distributed Internet cache},
  author={Povey, Dean and Harrison, John and others},
  journal={Australian Computer Science Communications},
  volume={19},
  pages={175--184},
  year={1997},
  publisher={Citeseer}
}

@techreport{chankhunthod1995hierarchical,
  title={A hierarchical Internet object cache},
  author={Chankhunthod, Anawat and Danzig, Peter B and Neerdaels, Chuck and Schwartz, Michael F and Worrell, Kurt J},
  year={1995},
  institution={DTIC Document}
}

@article{wolman1999scale,
  title={On the scale and performance of cooperative web proxy caching},
  author={Wolman, Alec and Voelker, M and Sharma, Nitin and Cardwell, Neal and Karlin, Anna and Levy, Henry M},
  journal={ACM SIGOPS Operating Systems Review},
  volume={33},
  number={5},
  pages={16--31},
  year={1999},
  publisher={ACM}
}

@inproceedings{karger1997consistent,
  title={Consistent hashing and random trees: Distributed caching protocols for relieving hot spots on the World Wide Web},
  author={Karger, David and Lehman, Eric and Leighton, Tom and Panigrahy, Rina and Levine, Matthew and Lewin, Daniel},
  booktitle={Proceedings of the twenty-ninth annual ACM symposium on Theory of computing},
  pages={654--663},
  year={1997},
  organization={ACM}
}

@article{karger1999web,
  title={Web caching with consistent hashing},
  author={Karger, David and Sherman, Alex and Berkheimer, Andy and Bogstad, Bill and Dhanidina, Rizwan and Iwamoto, Ken and Kim, Brian and Matkins, Luke and Yerushalmi, Yoav},
  journal={Computer Networks},
  volume={31},
  number={11},
  pages={1203--1213},
  year={1999},
  publisher={Elsevier}
}

@article{aspnes2007skip,
  title={Skip graphs},
  author={Aspnes, James and Shah, Gauri},
  journal={ACM Transactions on Algorithms (TALG)},
  volume={3},
  number={4},
  pages={37},
  year={2007},
  publisher={ACM}
}

@article{guha2002improving,
  title={Improving Web Access Efficiency Using P2P Proxies},
  author={Guha, Ratan and Wang, James},
  journal={Distributed Computing},
  pages={24--34},
  year={2002},
  publisher={Springer}
}

@article{maymounkov2002kademlia,
  title={Kademlia: A peer-to-peer information system based on the xor metric},
  author={Maymounkov, Petar and Mazieres, David},
  journal={Peer-to-Peer Systems},
  pages={53--65},
  year={2002},
  publisher={Springer}
}

@book{motwani1995randomized,
  title={Randomized algorithms},
  author={Motwani, Rajeev and Raghavan, Prabhakar},
  year={1995},
  publisher={Cambridge university press}
}