@Article{piatek,
  title = {Distributed Web Proxy Caching in a Local Network
Environment},
  author = {Michael Piatek},
  note = {\url{www.acm.org/src/subpages/papers/piatek.src.2004.pdf}},
  year = {2004}
}

@Manual{WebGLReqs,
  title = {WebGL Blacklists and Whitelists},
  author = {The Khronos Group},
  note = {\url{http://www.khronos.org/webgl/wiki/BlacklistsAndWhitelists}}
}
@Manual{Glge,
  title = {GLGE --- WebGL for the lazy},
  author = {Paul Brunt},
  note = {\url{glge.org}}
}
@Misc{TmplLibPerf,
	author = {DOM vs innerHTML based Templating},
	title = {A brief comparison of some JavaScript templating engines on a short template.},
	note = {\url{http://jsperf.com/dom-vs-innerhtml-based-templating}}
}

@TechReport{LoadTimeRes,
  author = {PearAnalytics},
  title = {Load time relates to visitor loss},
  institution = {PearAnalytics.com},
  year = {2009},
  month = {8},
  note = {\url{http://www.pearanalytics.com/blog/wp-content/uploads/2010/05/Load-time-relates-to-visitor-loss.pdf}}
}

@Book{DesignPatterns,
  author = 	 {Erich Gamma, Richard Helm, Ralph Johnson, John Vlissides},
  title = 	 {Design Patterns: Elements of Reusable Object-Oriented Software},
  publisher = 	 {Addison-Wesley},
  year = 	 {1994},
  month = {11},
}